@book{chapra2014numerical,
  title={Numerical Methods for Engineers},
  author={Chapra, S.},
  publisher={McGraw-Hill Education},
  year={2014}
}

@electronic{octaveWWW,
  author        = "John W. Eaton",
  title         = "{GNU Octave} (version 5.1.0)",
  url           = "https://octave.org/doc/interpreter/",
  month         = oct,
  year          = "2019"
}

@electronic{cleveMoler,
    author = "Cleve Moler",
    title = "{Numerical Computing with MATLAB}",
    url = "https://uk.mathworks.com/moler/chapters.html",
    month = feb,
    year = "2020"
}

@book{hansen2011gnu,
  title={GNU Octave: Beginner's Guide : Become a Proficient Octave User by Learning this High-level Scientific Numerical Tool from the Ground Up},
  author={Hansen, J.S.},
  isbn={9781849513333},
  series={Learn by doing : less theory, more results},
  url={https://books.google.co.uk/books?id=\_2dOUBnCzpwC},
  year={2011},
  publisher={Packt Publishing}
}

@online{tutorialspoint,
    title = "How to clear screen in python? via tutorialspoint website",
    author ="Elance,P",
    url = "https://www.tutorialspoint.com/how-to-clear-screen-in-python",
    note={accessed Jun 17, 2019}
}